<record><leader>00000cas a22000007a 4500</leader><controlfield tag="001">12356933</controlfield><controlfield tag="008">850807d18691906mouwr ne      0    0eng d</controlfield><datafield ind1=" " ind2=" " tag="010"><subfield code="a">sn 85033977 </subfield></datafield><datafield ind1=" " ind2=" " tag="040"><subfield code="a">NPU</subfield><subfield code="b">eng</subfield><subfield code="c">NPU</subfield><subfield code="d">NPX</subfield><subfield code="d">MQN</subfield><subfield code="d">NYS</subfield><subfield code="d">OCLCQ</subfield></datafield><datafield ind1=" " ind2=" " tag="042"><subfield code="a">msc</subfield></datafield><datafield ind1="0" ind2=" " tag="130"><subfield code="a">Lathrop monitor (Lathrop, Mo. : 1869)</subfield></datafield><datafield ind1="1" ind2="4" tag="245"><subfield code="a">The Lathrop monitor.</subfield></datafield><datafield ind1=" " ind2=" " tag="260"><subfield code="a">Lathrop, Mo. :</subfield><subfield code="b">J.O. Daniels,</subfield><subfield code="c">-1906.</subfield></datafield><datafield ind1=" " ind2=" " tag="300"><subfield code="a">v. ;</subfield><subfield code="c">56 cm.</subfield></datafield><datafield ind1=" " ind2=" " tag="310"><subfield code="a">Weekly</subfield></datafield><datafield ind1="1" ind2=" " tag="362"><subfield code="a">Began in 1869?</subfield></datafield><datafield ind1="0" ind2=" " tag="362"><subfield code="a">-v. 37, no. 45 (Nov. 8, 1906).</subfield></datafield><datafield ind1=" " ind2=" " tag="588"><subfield code="a">Description based on: Vol. 2, no. 36 (Feb. 7, 1873).</subfield></datafield><datafield ind1=" " ind2=" " tag="752"><subfield code="a">United States</subfield><subfield code="b">Missouri</subfield><subfield code="c">Clinton</subfield><subfield code="d">Lathrop.</subfield></datafield><datafield ind1="0" ind2="7" tag="785"><subfield code="t">Lathrop herald</subfield><subfield code="w">(DLC)sn 90061229</subfield></datafield><datafield ind1="0" ind2="7" tag="785"><subfield code="t">Lathrop monitor-herald</subfield><subfield code="w">(DLC)sn 90061230</subfield></datafield></record>